@article{Ahmed:1,
   author = {Ahmed, N. and Carter, M. and Ferris, N.},
   title = {Sustainable {A}rchaeology through {P}rogressive {A}ssembly 3{D} {D}igitization},
   journal = {World Archaeology},
   volume = {46},
   number = {1},
   pages = {137-154},
   ISSN = {0043-8243
1470-1375},
   DOI = {10.1080/00438243.2014.890911},
   year = {2014},
   type = {Journal Article}
}

@phdthesis{Arnold:1,
   author = {Arnold III, J. B.},
   title = {George C. Davis Site Ceramic Analysis, Excavations of 1968-1970},
   university = {The University of Texas at Austin},
   year = {1973},
   type = {M{A} {T}hesis, {D}epartment of {A}nthropology, {T}he {U}niversity of {T}exas at {A}ustin}
}

@article{Arnold:2,
   author = {Arnold III, J. B.},
   title = {Porosity and {R}efiring {T}ests on {C}eramics from the {G}eorge {C}. {D}avis {S}ite, {T}exas},
   journal = {Bulletin of the Texas Archeological Society},
   volume = {46},
   pages = {231-241},
   year = {1975},
   type = {Journal Article}
}

@misc{Autodesk:1,
   author = {Autodesk},
   title = {123{D} {M}ake, http://www.123dapp.com/make},
   publisher = {Autodesk, Inc.},
   url = {http://www.123dapp.com/make},
   year = {2015},
   type = {Online Multimedia}
}

@incollection{Baskin:1,
   author = {Baskin, B. J.},
   title = {Lithic and {M}ineral {A}rtifacts},
   booktitle = {Archeological Investigations at the George C. Davis Site, Cherokee County, Texas: Summers of 1979 and 1980},
   editor = {Story, D. A.},
   publisher = {Occasional Papers, Vol. 1, Texas Archeological Research Laboratory, The University of Texas at Austin},
   address = {Austin},
   pages = {239-320},
   year = {1981},
   type = {Book Section}
}

@article{Bruseth:1,
   author = {Bruseth, J. E. and Pierson, B.},
   title = {Magnetometer {S}urvey at the {G}eorge {C}. {D}avis {S}ite (41{CE}19)},
   journal = {Current Archeology in Texas },
   volume = {6},
   number = {1},
   pages = {7-9},
   year = {2004},
   type = {Journal Article}
}

@article{Carlson:1,
   author = {Carlson, E. S.},
   title = {Representation and {S}tructure {C}onflict in the {D}igital {A}ge: {R}eassessing {A}rchaeological {I}llustration and the {U}se of {C}ubist {T}echniques in {D}epicting {I}mages of the {P}ast},
   journal = {Advances in Archaeological Practice},
   volume = {2},
   number = {4},
   pages = {269-284},
   ISSN = {23263768},
   DOI = {10.7183/2326-3768.2.4.269},
   year = {2014},
   type = {Journal Article}
}

@incollection{Costin:1,
   author = {Costin, C. L.},
   title = {Craft {P}roduction {S}ystems},
   booktitle = {Archaeology at the Millennium: A Sourcebook},
   editor = {Feinman, G. M. and Price, T. D.},
   publisher = {Kluwar Academic/Plenum Press},
   address = {New York},
   pages = {273-327},
   year = {2001},
   type = {Book Section}
}

@incollection{Costin:2,
   author = {Costin, C. L.},
   title = {Craft {P}roduction},
   booktitle = {Handbook of Archaeological Methods},
   editor = {Maschner, J. D. G.},
   publisher = {AltaMira},
   address = {Walnut Creek},
   pages = {1034-1107},
   year = {2005},
   type = {Book Section}
}

@book{Creel:1,
   author = {Creel, D. G.},
   title = {Archeological Investigations at the George C. Davis Site, Cherokee County, Texas, Summer 1978},
   publisher = {Texas Antiquities Permit Series No. 1, Texas A\&M University},
   address = {College Station},
   year = {1979},
   type = {Book}
}

@book{Creel:2,
   author = {Creel, D. G. and Hudler, D. and Wilson, S. M. and Schultz, T. C. and Walker, C. P.},
   title = {A Magnetometer Survey of Caddoan Mounds State Historic Site},
   publisher = {Technical Report 51, Texas Archeological Research Laboratory, The University of Texas at Austin},
   address = {Austin},
   year = {2005},
   type = {Book}
}

@article{Creel:3,
   author = {Creel, D. G. and Hudler, D. and Wilson, S. M. and Schultz, T. C. and Walker, C. P.},
   title = {Geophysical {S}urvey of the {M}ound {B} {A}rea at the {G}eorge {C}. {D}avis {S}ite},
   journal = {Bulletin of the Texas Archeological Society},
   volume = {31},
   pages = {101-108},
   year = {2008},
   type = {Journal Article}
}

@book{Davis:1,
   author = {Davis, W. A. and Earls, A. C. and Tomka, M. S. F.},
   title = {1987 Archeological Excavations at the George C. Davis Site (41CE19), Caddoan Mounds State Historical Park, Cherokee County, Texas},
   publisher = {Technical Report No. 1, Texas Parks and Wildlife Department},
   address = {Austin},
   year = {1992},
   type = {Book}
}

@article{Descantes:1,
   author = {Descantes, C. and Creel, D. G. and Speakman, R. J. and Wilson, S. M. and Glascock, M. D.},
   title = {Instrumental {N}eutron {A}ctivation {A}nalysis of {P}ottery from the {G}eorge {C}. {D}avis {S}ite, {T}exas},
   journal = {North American Archaeologist},
   volume = {25},
   number = {2},
   pages = {121-138},
   year = {2005},
   type = {Journal Article}
}

@book{Fields:1,
   author = {Fields, R. C.},
   title = {Report on the 1977 Investigations at the George C. Davis Site, Caddoan Mounds State Historic Site, Cherokee County, Texas},
   publisher = {Texas Archeological Research Laboratory, The University of Texas at Austin},
   address = {Austin},
   year = {1978},
   type = {Book}
}

@book{Fields:2,
   author = {Fields, R. C. and Thurmond, J. P.},
   title = {The Geoge C. Davis Site, Cherokee County, Texas: Spring 1980 Archeological Investigations},
   publisher = {Report of Investigations No. 8, Prewitt and Associates, Inc.},
   address = {Austin},
   year = {1980},
   type = {Book}
}

@article{Ford:1,
   author = {Ford, R. I.},
   title = {Preliminary {R}eport on the {P}lant {R}emains from the {G}eorge {C}. {D}avis {S}ite, {C}herokee {C}ounty, {T}exas 1968-1970 {E}xcavations},
   journal = {Bulletin of the Texas Archeological Society},
   volume = {68},
   pages = {104-107},
   year = {1997},
   type = {Journal Article}
}

@phdthesis{Fritz:1,
   author = {Fritz, G.},
   title = {Analysis of Ceramic Pipes, Ear Ornaments, and Effigies from the George C. Davis Site},
   university = {The University of Texas at Austin},
   year = {1975},
   type = {M{A} {T}hesis, {D}epartment of {A}nthropology, {T}he {U}niversity of {T}exas at {A}ustin}
}

@article{Galeazzi:1,
   author = {Galeazzi, F. and Moyes, H. and Aldenderfer, M.},
   title = {Defining {B}est 3{D} {P}ractices in {A}rchaeology: {C}omparing {L}aser {S}canning and {D}ense {S}tereo {M}atching {T}echniques for 3{D} {I}ntrasite {D}ata {R}ecording},
   journal = {Advances in Archaeological Practice},
   volume = {2},
   number = {4},
   pages = {353-365},
   ISSN = {23263768},
   DOI = {10.7183/2326-3768.2.4.353},
   year = {2014},
   type = {Journal Article}
}

@book{Goodmaster:1,
   author = {Goodmaster, C.},
   title = {Archeological Monitoring for Trail Construction, Caddo Mounds State Historic Site, Cherokee County, Texas},
   publisher = {Miscellaneous Reports of Investigations No. 557, Geo-Marine, Inc.},
   address = {Plano},
   year = {2012},
   type = {Book}
}

@incollection{Jones:1,
   author = {Jones, V. H.},
   title = {Maize from the {D}avis {S}ite: {I}ts {N}ature and {I}nterpretation},
   booktitle = {The George C. Davis Site, Cherokee County, Texas},
   editor = {Newell, H. P. and Krieger, A. D.},
   publisher = {Memoirs No. 5., Society for American Archaeology},
   address = {Menasha, Wisconsin},
   pages = {241-249},
   year = {1949},
   type = {Book Section}
}

@article{Keller:1,
   author = {Keller, J. E.},
   title = {Subsistence {P}aleoecology of the {G}eorge {C}. {D}avis {S}ite: {S}trategies and {C}onsequences},
   journal = {Western Canadian Journal of Anthropology},
   volume = {7},
   pages = {100-128},
   year = {1977},
   type = {Journal Article}
}

@incollection{Kelley:1,
   author = {Kelley, D. B.},
   title = {Ceramics from {C}addo {M}ounds {S}tate {P}ark (41{CE}19) {M}onitoring {P}roject},
   booktitle = {Archaeological Monitoring Investigations at Site 41CE19, The Caddo Mounds State Historic Site, Cherokee County, Texas},
   editor = {Peyton, A. and Lowe, J. D.},
   publisher = {Cultural Resource Report No. 10-311, SWCA Environmental Consultants},
   address = {Austin},
   pages = {A-1 - A-10},
   year = {2010},
   type = {Book Section}
}

@article{Kuzminsky:1,
   author = {Kuzminsky, S. C. and Gardiner, M. S.},
   title = {Three-{D}imensional {L}aser {S}canning: {P}otential {U}ses for {M}useum {C}onservation and {S}cientific {R}esearch},
   journal = {Journal of Archaeological Science},
   volume = {39},
   number = {8},
   pages = {2744-2751},
   ISSN = {03054403},
   DOI = {10.1016/j.jas.2012.04.020},
   year = {2012},
   type = {Journal Article}
}

@misc{Latex:1,
   author = {LaTeX Templates},
   title = {Stylish {A}rticle, http://www.latex templates.com/template/stylish-article},
   year = {2015},
   type = {Online Database}
}

@article{Magnani:1,
   author = {Magnani, M.},
   title = {Three-{D}imensional {A}lternatives to {L}ithic {I}llustration},
   journal = {Advances in Archaeological Practice},
   volume = {2},
   number = {4},
   pages = {285-297},
   ISSN = {23263768},
   DOI = {10.7183/2326-3768.2.4.285},
   year = {2014},
   type = {Journal Article}
}

@misc{Meshlab:1,
   author = {3D-CoForm},
   title = {Mesh{L}ab, http://sourceforge.net/projects/meshlab/},
   year = {2015},
   type = {Online Database}
}

@phdthesis{Marchbanks:1,
   author = {Marchbanks, M. L.},
   title = {Lipid Analysis in Archaeology: An Initial Study of Ceramics and Subsistence at the George C. Davis Site},
   university = {The University of Texas at Austin},
   year = {1989},
   type = {M{A} {T}hesis, {D}epartment of {A}nthropology, {T}he {U}niversity of {T}exas at {A}ustin}
}

@article{Morgan:1,
   author = {Morgan, C. and Eve, S.},
   title = {D{I}{Y} and {D}igital {A}rchaeology: {W}hat are you {D}oing to {P}articipate?},
   journal = {World Archaeology},
   volume = {44},
   number = {4},
   pages = {521-537},
   ISSN = {0043-8243
1470-1375},
   DOI = {10.1080/00438243.2012.741810},
   year = {2012},
   type = {Journal Article}
}

@book{Newell:1,
   author = {Newell, H. P. and Krieger, A. D.},
   title = {The George C. Davis Site, Cherokee County, Texas},
   publisher = {Memoir No. 5, Society for American Archaeology},
   address = {Menasha, Wisconsin},
   year = {1949},
   type = {Book}
}

@book{Newell:2,
   author = {Newell, H. P. and Krieger, A. D.},
   title = {The George C. Davis Site, Cherokee County, Texas},
   publisher = {2nd Edition, Society for American Archaeology},
   address = {Washington, D. C.},
   year = {2000},
   type = {Book}
}

@article{Osburn:1,
   author = {Osburn, T. and Bruseth, J. E. and Pierson, W.},
   title = {Magnetometer {I}nvestigations at the {G}eorge {C}. {D}avis {S}ite, a {P}rehistoric {C}addo {V}illage},
   journal = {Bulletin of the Texas Archeological Society},
   volume = {79},
   pages = {191-200},
   year = {2008},
   type = {Journal Article}
}

@article{Paquet:1,
   author = {Paquet, Eric and Vicktor, Herna L.},
   title = {On the {A}pplication of 3{D} {T}echnologies to the {F}ramework of {C}ultural {H}eritage},
   journal = {Annals of Telecommunications},
   volume = {60},
   number = {11},
   pages = {1379-1393},
   year = {2005},
   type = {Journal Article}
}

@article{Perttula:1,
   author = {Perttula, T. K.},
   title = {Analysis of {P}rehistoric {A}rtifacts from 2003 {E}xcavations at the {G}eorge {C}. {D}avis {S}ite (41{CE}19), {C}herokee {C}ounty, {T}exas},
   journal = {Journal of Northeast Texas Archaeology},
   volume = {33},
   pages = {63-67},
   year = {2010},
   type = {Journal Article}
}

@incollection{Perttula:2,
   author = {Perttula, T. K.},
   title = {Foreword to the 2013 {R}eprint {E}dition},
   booktitle = {The George C. Davis Site, Cherokee County, Texas},
   editor = {Newell, H. P. and Krieger, A. D.},
   publisher = {Gustav's Library},
   address = {Davenport, Iowa},
   pages = {5-15},
   year = {2013},
   type = {Book Section}
}

@book{Perttula:3,
   author = {Perttula, T. K. and Nelson, B.},
   title = {Recent Archeological Survey Investigations at Caddo Mounds State Historic Site (George C. Davis Site, 41CE19)},
   publisher = {Letter Report No. 242, Archeological \& Environmental Consultants, LLC},
   address = {Austin},
   year = {2010},
   type = {Book}
}

@article{Perttula:4,
   author = {Perttula, T. K. and Skiles, B. D.},
   title = {The {C}onstruction and {E}ventual {B}urning of the {E}xperimental {C}addo {H}ouse {S}tructure at the {G}eorge {C}. {D}avis {S}ite (41{CE}19) in {E}ast {T}exas},
   journal = {Bulletin of the Texas Archeological Society},
   volume = {85},
   pages = {33-47},
   year = {2014},
   type = {Journal Article}
}

@article{Perttula:5,
   author = {Perttula, T. K.},
   title = {A {C}ompendium of {R}adiocarbon and {O}xidizable {C}arbon {R}atio {D}ates from {A}rchaeological {S}ites in {E}ast {T}exas, with a {D}iscussion of the {A}ge and {D}ating of {S}elect {C}omponents and {P}hases},
   journal = {Radiocarbon},
   volume = {39},
   number = {3},
   pages = {305-342},
   year = {1998},
   type = {Journal Article}
}

@article{Perttula:6,
   author = {Perttula, T.K.},
   title = {Documentation of {E}arly {C}addo {P}eriod {C}eramic {V}essels from the {G}eorge {C}. {D}avis {S}ite on the {N}eches {R}iver in {C}herokee {C}ounty, {T}exas},
   journal = {Journal of Northeast Texas Archaeology},
   volume = {64},
   pages = {(in press)},
   year = {2016},
   type = {Journal Article}
}


@book{Peyton:1,
   author = {Peyton, A. and Lowe, J. D.},
   title = {Archaeological Monitoring Investigations at Site 41CE19, The Caddo Mounds State Historic Site, Cherokee County, Texas.},
   publisher = {Cultural Resources Report No. 10-311, SWCA Environmental Consultants},
   address = {Austin},
   year = {2010},
   type = {Book}
}

@phdthesis{Schultz:1,
   author = {Schultz, T. C.},
   title = {Architectural Variability in the Caddo Area of Eastern Texas},
   university = {The University of Texas at Austin},
   year = {2010},
   type = {Ph{D} {D}issertation, {D}epartment of {A}nthropology, {T}he {U}niversity of {T}exas at {A}ustin}
}

@misc{Selden:1,
   author = {Selden Jr., R. Z.},
   title = {T{ARL} 41{CE}19 2006-4-84 3{D} {C}ardboard {M}odel, Zenodo, http://dx.doi.org/10.5281/zenodo.28292},
   publisher = {Zenodo},
   year = {2015},
   type = {Online Database}
}

@misc{Selden:Z,
   author = {Selden Jr., R. Z.},
   title = {E{NMU} {LA}3324-25313 3{D} {P}uzzle, Zenodo, http://dx.doi.org/10.5281/zenodo.47122},
   publisher = {Zenodo},
   year = {2016},
   type = {Online Database}
}

@misc{Selden:0,
   author = {Selden Jr., R. Z.},
   title = {T{ARL} 41{CE}19 424-21 3{D} {C}ardboard {M}odel, Zenodo, http://dx.doi.org/10.5281/zenodo.28087},
   publisher = {Zenodo},
   year = {2015},
   type = {Online Database}
}

@misc{Selden:10,
   author = {Selden Jr., R. Z.},
   title = {3{D} {M}odel of {TARL} 41{CE}19 ET221, Zenodo, http://dx.doi.org/10.5281/zenodo.28310},
   publisher = {Zenodo},
   year = {2015},
   type = {Online Database}
}

@misc{Selden:11,
   author = {Selden Jr., R. Z.},
   title = {3{D} {M}odel of {TARL} 41{CE}19 30342, Zenodo, http://dx.doi.org/10.5281/zenodo.28307},
   publisher = {Zenodo},
   year = {2015},
   type = {Online Database}
}

@misc{Selden:12,
   author = {Selden Jr., R. Z.},
   title = {3{D} {M}odel of {TARL} 41{CE}19 5915, Zenodo, http://dx.doi.org/10.5281/zenodo.28304},
   publisher = {Zenodo},
   year = {2015},
   type = {Online Database}
}

@misc{Selden:13,
   author = {Selden Jr., R. Z.},
   title = {3{D} {M}odel of {TARL} 41{CE}19 5897, Zenodo, http://dx.doi.org/10.5281/zenodo.28298},
   publisher = {Zenodo},
   year = {2015},
   type = {Online Database}
}

@misc{Selden:14,
   author = {Selden Jr., R. Z.},
   title = {3{D} {M}odel of {TARL} 41{CE}19 4020, Zenodo, http://dx.doi.org/10.5281/zenodo.28286},
   publisher = {Zenodo},
   year = {2015},
   type = {Online Database}
}

@misc{Selden:15,
   author = {Selden Jr., R. Z.},
   title = {3{D} {M}odel of {TARL} 41{CE}19 3959, Zenodo, http://dx.doi.org/10.5281/zenodo.28278},
   publisher = {Zenodo},
   year = {2015},
   type = {Online Database}
}

@misc{Selden:16,
   author = {Selden Jr., R. Z.},
   title = {3{D} {M}odel of {TARL} 41{CE}19 3070-1, Zenodo, http://dx.doi.org/10.5281/zenodo.28274},
   publisher = {Zenodo},
   year = {2015},
   type = {Online Database}
}

@misc{Selden:17,
   author = {Selden Jr., R. Z.},
   title = {3{D} {M}odel of {TARL} 41{CE}19 2210, Zenodo, http://dx.doi.org/10.5281/zenodo.28272},
   publisher = {Zenodo},
   year = {2015},
   type = {Online Database}
}

@misc{Selden:18,
   author = {Selden Jr., R. Z.},
   title = {3{D} {M}odel of {TARL} 41{CE}19 2097-14, Zenodo, http://dx.doi.org/10.5281/zenodo.28264},
   publisher = {Zenodo},
   year = {2015},
   type = {Online Database}
}

@misc{Selden:19,
   author = {Selden Jr., R. Z.},
   title = {3{D} {M}odel of {TARL} 41{CE}19 2097-1, Zenodo, http://dx.doi.org/10.5281/zenodo.28256},
   publisher = {Zenodo},
   year = {2015},
   type = {Online Database}
}

@misc{Selden:20,
   author = {Selden Jr., R. Z.},
   title = {3{D} {M}odel of {TARL} 41{CE}19 2015-1, Zenodo, http://dx.doi.org/10.5281/zenodo.28255},
   publisher = {Zenodo},
   year = {2015},
   type = {Online Database}
}

@misc{Selden:21,
   author = {Selden Jr., R. Z.},
   title = {3{D} {M}odel of {TARL} 41{CE}19 2006-4-108, Zenodo, http://dx.doi.org/10.5281/zenodo.28093},
   publisher = {Zenodo},
   year = {2015},
   type = {Online Database}
}

@misc{Selden:22,
   author = {Selden Jr., R. Z.},
   title = {3{D} {M}odel of {TARL} 41{CE}19 2006-4-107, Zenodo, http://dx.doi.org/10.5281/zenodo.28092},
   publisher = {Zenodo},
   year = {2015},
   type = {Online Database}
}

@misc{Selden:23,
   author = {Selden Jr., R. Z.},
   title = {3{D} {M}odel of {TARL} 41{CE}19 790, Zenodo, http://dx.doi.org/10.5281/zenodo.28090},
   publisher = {Zenodo},
   year = {2015},
   type = {Online Database}
}

@misc{Selden:24,
   author = {Selden Jr., R. Z.},
   title = {3{D} {M}odel of {TARL} 41{CE}19 472B, Zenodo, http://dx.doi.org/10.5281/zenodo.28088},
   publisher = {Zenodo},
   year = {2015},
   type = {Online Database}
}

@misc{Selden:25,
   author = {Selden Jr., R. Z.},
   title = {3{D} {M}odel of {TARL} 41{CE}19 361, Zenodo, http://dx.doi.org/10.5281/zenodo.28086},
   publisher = {Zenodo},
   year = {2015},
   type = {Online Database}
}

@misc{Selden:26,
   author = {Selden Jr., R. Z.},
   title = {3{D} {M}odel of {TARL} 41{CE}19 101, Zenodo, http://dx.doi.org/10.5281/zenodo.28085},
   publisher = {Zenodo},
   year = {2015},
   type = {Online Database}
}

@article{Selden:2,
   author = {Selden Jr., R. Z. and Perttula, T. K. and O'Brien, M. J.},
   title = {Advances in {D}ocumentation, {D}igital {C}uration, {V}irtual {E}xhibition, and a {T}est of 3{D} {G}eometric {M}orphometrics: {A} {C}ase {S}tudy of the {V}anderpool {V}essels from the {A}ncestral {C}addo {T}erritory},
   journal = {Advances in Archaeological Practice},
   volume = {2},
   number = {2},
   pages = {1-15},
   year = {2014},
   type = {Journal Article}
}

@article{Selden:3,
   author = {Selden Jr., R. Z. and Vasconcelos, M. L. C.},
   title = {Uma análise preliminar da morfometria 3D das cerâmicas acordeladas na coleção {C}alderón},
   journal = {Boletim Informativo do Museu de Arqueologia e Etnologia},
   volume = {8},
   number = {3},
   pages = {8},
   year = {2015},
   type = {Journal Article}
}

@article{Selden:4,
   author = {Selden Jr., R. Z. and Means, B. K. and Lohse, J. C. and Koenig, C. and Black, S. L.},
   title = {Beyond {D}ocumentation: 3{D} {D}ata in {A}rchaeology},
   journal = {Texas Archeology},
   volume = {58},
   number = {4},
   pages = {20-24},
}

@article{Selden:5,
   author = {Selden Jr., R. Z.},
   title = {3{D} {S}can {D}ata of {C}addo {B}urial {V}essels from the {M}c{S}padden {S}ite near {F}rankston, {T}exas},
   journal = {CRHR Research Reports},
   volume = {1},
   pages = {Article 5},
}

@article{Selden:6,
   author = {Selden Jr., R. Z. and Perttula, T. K.},
   title = {Radiocarbon {T}rends and the {E}ast {T}exas {C}addo {T}radition},
   journal = {Southeastern Archaeology},
   volume = {34},
   number = {1},
   pages = {85-96},
   year = {2013},
   type = {Journal Article}
}

@phdthesis{Shafer:1,
   author = {Shafer, H. J.},
   title = {Lithic Technology at the George C. Davis Site, Cherokee County, Texas},
   university = {The University of Texas at Austin},
   year = {1973},
   type = {Ph{D} {D}issertation, {D}epartment of {A}nthropology, {T}he {U}niversity of {T}exas at {A}ustin}
}

@article{Shafer:2,
   author = {Shafer, H. J.},
   title = {Lithic {R}eduction {S}trategies at the {G}eorge {C}. {D}avis {S}ite},
   journal = {Louisiana Archaeology},
   volume = {1},
   pages = {66-74},
   year = {1974},
   type = {Journal Article}
}

@article{Shafer:3,
   author = {Shafer, H. J.},
   title = {The Legacy of Dee Ann Story: Highlights and Caddo Archaeology at the George C. Davis Site},
   journal = {Newsletter of the Southern Texas Archaeological Association},
   volume = {37},
   number = {1},
   pages = {3},
   year = {2011},
   type = {Journal Article}
}

@book{Shafer:4,
   author = {Shafer, H. J.},
   title = {Lithic Technology at the George C. Davis Site, Cherokee County, Texas},
   publisher = {Special Publication No. 18, Friends of Northeast Texas Archaeology},
   address = {Austin},
   year = {2011},
   type = {Book}
}

@incollection{Hosfield:1,
   author = {Hosfield, R.},
   title = {Modes of {T}ransmission and {M}aterial {C}ulture {P}atterns in {C}raft {S}kills},
   booktitle = {Pattern and Process in Cultural Evolution},
   editor = {Shennan, Stephen},
   publisher = {University of California Press},
   pages = {45-60},
   year = {2009},
   type = {Book Section}
}

@article{Shott:1,
   author = {Shott, M. J. and Trail, B. W.},
   title = {New {D}evelopments in {L}ithic {A}nalysis: {L}aser {S}canning and {D}igital {M}odeling},
   journal = {The SAA Archaeological Record},
   pages = {12-17},
   year = {2012},
   type = {Journal Article}
}

@article{Shott:2,
   author = {Shott, M. J.},
   title = {History {W}ritten in {S}tone: {E}volutionary {A}nalysis of {S}tone {T}ools in {A}rcheology},
   journal = {Evolution: Education and Outreach},
   volume = {4},
   number = {3},
   pages = {435-445},
   ISSN = {1936-6426
1936-6434},
   DOI = {10.1007/s12052-011-0344-3},
   year = {2011},
   type = {Journal Article}
}

@phdthesis{Spock:1,
   author = {Spock, C.},
   title = {An Analysis of the Architectural and Related Features at the George C. Davis Site},
   university = {The University of Texas at Austin},
   year = {1977},
   type = {M{A} {T}hesis, {D}epartment of {A}nthropology, {T}he {U}niversity of {T}exas at {A}ustin}
}

@incollection{Stokes:1,
   author = {Stokes, J. and Woodring, J.},
   title = {Native-{M}ade {A}rtifacts of {C}lay},
   booktitle = {Archeological Investigations at the George C. Davis Site, Cherokee County, Texas: Summers of 1979 and 1980},
   editor = {Story, D. A.},
   publisher = {Occasional Papers No. 1, Texas Archeological Research Laboratory, The University of Texas at Austin},
   address = {Austin},
   pages = {135-238},
   year = {1981},
   type = {Book Section}
}

@article{Story:1,
   author = {Story, D. A.},
   title = {1968-1969 {F}ield {W}ork at {G}eorge {C}. {D}avis},
   journal = {Newsletter of the Southeast Archaeological Conference},
   volume = {13},
   pages = {25-32},
   year = {1969},
   type = {Journal Article}
}

@book{Story:2,
   author = {Story, D. A.},
   title = {A Preliminary Report of the 1968, 1969, and 1970 Excavations at the George C. Davis Site, Cherokee County, Texas},
   publisher = {Texas Archeological Research Laboratory, The University of Texas at Austin},
   address = {Austin},
   year = {1972},
   type = {Book}
}

@book{Story:3,
   author = {Story, D. A.},
   title = {Archeological Investigations at the George C. Davis Site, Cherokee County, Texas: Summers 1979 and 1980},
   publisher = {Occasional Papers Vol. 1, Texas Archeological Research Laboratory, The University of Texas at Austin},
   address = {Austin},
   year = {1981},
   type = {Book}
}

@article{Story:4,
   author = {Story, D. A.},
   title = {1968-1970 {A}rcheological {I}nvestigations at the {G}eorge {C}. {D}avis {S}ite, {C}herokee {C}ounty, {T}exas},
   journal = {Bulletin of the Texas Archeological Society},
   volume = {68},
   pages = {1-113},
   year = {1997},
   type = {Journal Article}
}

@incollection{Story:5,
   author = {Story, D. A.},
   title = {The {G}eorge {C}. {D}avis {S}ite: {G}limpses into {E}arly {C}addoan {S}ymbolism and {I}deology},
   booktitle = {The Native History of the Caddo: Their Place in Southeastern Archeology and Ethnohistory},
   editor = {Perttula, T.K. and Bruseth, J. E.},
   publisher = {Studies in Archeology 30, Texas Archeological Research Laboratory, The University of Texas at Austin},
   address = {Austin},
   pages = {9-43},
   year = {1998},
   type = {Book Section}
}

@incollection{Story:6,
   author = {Story, D. A.},
   title = {Introduction},
   booktitle = {The {G}eorge {C}. {D}avis {S}ite, {C}herokee {C}ounty, {T}exas},
   editor = {Newell, H. P. and Krieger, A. D.},
   publisher = {2nd Edition, Society for American Archaeology},
   address = {Washington, D. C.},
   pages = {1-31},
   year = {2000},
   type = {Book Section}
}

@article{Story:7,
   author = {Story, D. A. and Valastro Jr., S},
   title = {Radiocarbon {D}ating and the {G}eorge {C}. {D}avis {S}ite, {T}exas},
   journal = {Journal of Field Archaeology},
   volume = {4},
   number = {1},
   pages = {63-89},
   year = {1977},
   type = {Journal Article}
}

@book{Thurmond:1,
   author = {Thurmond, J. P. and Kleinschmidt, U},
   title = {Report on the Fall 1978 Investigations at the George C. Davis Site, Caddoan Mounds State Historic Site, Cherokee County, Texas},
   publisher = {Texas Archeological Research Laboratory, The University of Texas at Austin},
   address = {Austin},
   year = {1979},
   type = {Book}
}

@phdthesis{Walker:1,
   author = {Walker, C. P.},
   title = {Landscape Archaeogeophysics: A Study of Magnetometer Surveys from Etowah (9BW1), The George C. Davis Site (41CE19), and the Hill Farm Site (41BW169).},
   university = {University of Texas},
   year = {2009},
   type = {Dissertation, {D}epartment of {A}nthropology, {T}he {U}niversity of {T}exas at {A}ustin}
}

@book{Walker:2,
   author = {Walker, C. P.},
   title = {Geophysical Survey at the George C. Davis Site (41CE19) South of Highway 21, Cherokee County, Texas},
   publisher = {AGA Report 2011-6, Archaeo-Geophysical Associates, LLC},
   address = {Austin},
   year = {2011},
   type = {Book}
}

@incollection{Walker:3,
   author = {Walker, C. P. and McKinnon, D. P.},
   title = {Exploring {P}rehistoric {C}addo {C}ommunities through {A}rchaeogeophysics},
   booktitle = {The Archaeology of the Caddo},
   editor = {Perttula, T.K. and Walker, C. P.},
   publisher = {University of Nebraska Press},
   address = {Lincoln, Nebraska},
   pages = {177-208},
   year = {2012},
   type = {Book Section}
}

@phdthesis{RN4604,
   author = {Bennett, Stacey D.},
   title = {Blackwater Locality 1: Synthesis of South Bank Archaeology 1933-2013.},
   university = {Eastern New Mexico University},
   year = {2014},
   type = {M{A} {T}hesis, {E}astern {N}ew {M}exico {U}niversity}
}

@techreport{RN4605,
   author = {Hester, James J.},
   title = {Blackwater {L}ocality {N}o. 1: A {S}tratified {E}arly {M}an {S}ite in {E}astern {N}ew {M}exico},
   institution = {Fort Burgwin Research Center, Inc., Southern Methodist University},
   year = {1972},
   type = {Report}
}

@article{RN4606,
   author = {Damon, P. E. and Haynes, Jr., C. V. and Long, A.},
   title = {Arizona {R}adiocarbon {D}ates {V}},
   journal = {Radiocarbon},
   volume = {6},
   pages = {91-107},
   year = {1964},
   type = {Journal Article}
}

@book{RN4607,
   author = {Holliday, Vance T.},
   title = {Paleoindian Geoarchaeology of the Southern High Plains},
   publisher = {The University of Texas},
   address = {Austin},
   year = {1997},
   type = {Book}
}

@article{RN4609,
   author = {Montgomery, J. and Dickenson, J.},
   title = {Additional {B}lades from {B}lackwater {D}raw {L}ocality {N}o. 1, {P}ortales, {N}ew {M}exico},
   journal = {Current Research in the Pleistocene},
   volume = {9},
   pages = {32-33},
   year = {1992},
   type = {Journal Article}
}

@article{RN4610,
   author = {Warnica, James M.},
   title = {New Discoveries at the Clovis Site},
   journal = {American Antiquity},
   volume = {31},
   pages = {345-357},
   year = {1966},
   type = {Journal Article}
}

@article{RN308,
   author = {Bronk Ramsey, C.},
   title = {Radiocarbon {C}alibration and {A}nalysis of {S}tratigraphy: The {O}x{C}al {P}rogram},
   journal = {Radiocarbon},
   volume = {37},
   number = {2},
   pages = {425-430},
   year = {1995},
   type = {Journal Article}
}

@article{RN4611,
   author = {Reimer, Paula J. and Bard, Edouard and Bayliss, Alex and Beck, J. Warren and Blackwell, Paul G. and Bronk Ramsey, Christopher and Buck, Caitlin E. and Cheng, Hai and Edwards, R. Lawrence and Friedrich, Michael and Grootes, Pieter M. and Builderson, Thomas P. and Haflidason, Haflidi and Hajdas, Irka and Hatte, Christine and Heaton, Timothy J. and Hoffman, Dirk L. and Hogg, Alan G. and Hughen, Konrad A. and Kaiser, K. Felix and Kromer, Bernd and Manning, Sturt W. and Niu, Mu and Reimer, Ron W. and Richards, David A. and Scott, E. Marian and Southon, John R. and Staff, Richard A. and Turney, Christian S. M. and van der Plicht, Johannes},
   title = {Int{C}al13 and {M}arine13 {R}adiocarbon {A}ge {C}alibration {C}urves 0-50,000 {Y}ears cal {BP}},
   journal = {Radiocarbon},
   volume = {55},
   number = {4},
   pages = {1869-1887},
   year = {2013},
   type = {Journal Article}
}

@article{RN256,
   author = {Buchanan, B. and Collard, M.},
   title = {A {G}eometric {M}orphometrics-{B}ased {A}ssessment of {B}lade {S}hape {D}ifferences among Paleoindian {P}rojectile {P}oint {T}ypes from {W}estern {N}orth {A}merica},
   journal = {Journal of Archaeological Science},
   volume = {37},
   number = {2},
   pages = {350-359},
   ISSN = {03054403},
   DOI = {10.1016/j.jas.2009.09.047},
   year = {2010},
   type = {Journal Article}
}
@article{RN258,
   author = {Buchanan, B. and Collard, M. and Hamilton, M. J. and O'Brien, M. J.},
   title = {Points and {P}rey: A {Q}uantitative {T}est of the {H}ypothesis that {P}rey {S}ize {I}nfluences {E}arly {P}aleoindian {P}rojectile {P}oint {F}orm},
   journal = {Journal of Archaeological Science},
   volume = {38},
   number = {4},
   pages = {852-864},
   ISSN = {03054403},
   DOI = {10.1016/j.jas.2010.11.007},
   year = {2011},
   type = {Journal Article}
}
@article{RN4570,
   author = {Buchanan, B. and Johnson, E. and Strauss, R. E. and Lewis, P. J.},
   title = {A {M}orphometric {A}pproach to {A}ssessing {L}ate {P}aleoindian {P}rojectile {P}oint {V}ariability on the {S}outhern {H}igh {P}lains},
   journal = {Plains Anthropologist},
   volume = {52},
   number = {203},
   pages = {279-299},
   year = {2007},
   type = {Journal Article}
}

@article{RN1812,
   author = {Buchanan, B. and Kilby, J. D. and Huckell, B. B. and O'Brien, M. J. and Collard, M.},
   title = {A {M}orphometric {A}ssessment of the {I}ntended {F}unction of {C}ached {C}lovis {P}oints},
   journal = {PLoS One},
   volume = {7},
   number = {2},
   pages = {e30530},
   ISSN = {1932-6203 (Electronic)
1932-6203 (Linking)},
   DOI = {10.1371/journal.pone.0030530},
   url = {http://www.ncbi.nlm.nih.gov/pubmed/22348012},
   year = {2012},
   type = {Journal Article}
}

@article{RN4589,
   author = {Buchanan, B. and O'Brien, M. J. and Collard, M.},
   title = {Continent-{W}ide or {R}egion-{S}pecific? A {G}eometric {M}orphometrics-{B}ased {A}ssessment of {V}ariation in {C}lovis {P}oint {S}hape},
   journal = {Archaeological and Anthropological Sciences},
   volume = {6},
   number = {2},
   pages = {145-162},
   ISSN = {1866-9557
1866-9565},
   DOI = {10.1007/s12520-013-0168-x},
   year = {2013},
   type = {Journal Article}
}

@article{RN4546,
   author = {Shott, M. J.},
   title = {Digitizing {A}rchaeology: A {S}ubtle {R}evolution in {A}nalysis},
   journal = {World Archaeology},
   volume = {46},
   number = {1},
   pages = {1-9},
   ISSN = {0043-8243
1470-1375},
   DOI = {10.1080/00438243.2013.879046},
   year = {2014},
   type = {Journal Article}
}

@incollection{RN4561,
   author = {Shott, M. J.},
   title = {Theory in {A}rchaeology: Morphometric {A}pproaches to the {S}tudy of {F}luted {P}oints},
   booktitle = {Lithic Technological Systems and Evolutionary Theory},
   editor = {Goodale, N. and Andrefsky Jr, W.},
   publisher = {Cambridge University Press},
   address = {Cambridge},
   pages = {48-60},
   DOI = {10.1017/cbo9781139207775.006},
   year = {2015},
   type = {Book Section}
}

@misc{Selden:Z1,
   author = {Selden Jr., R. Z.},
   title = {3{D} {M}odel of {ENMU} {LA}3324 {B}iface, {Z}enodo, http://dx.doi.org/10.5281/zenodo.47134},
   publisher = {Zenodo},
   year = {2016},
   type = {Online Database}
}

@misc{Selden:Z2,
   author = {Selden Jr., R. Z.},
   title = {3{D} {M}odel of {ENMU} {LA}3324 {EL}-2-120, {Z}enodo, http://dx.doi.org/10.5281/zenodo.47132},
   publisher = {Zenodo},
   year = {2016},
   type = {Online Database}
}

@misc{Selden:Z3,
   author = {Selden Jr., R. Z.},
   title = {3{D} {M}odel of {ENMU} {LA}3324 6183/6188, {Z}enodo, http://dx.doi.org/10.5281/zenodo.46910},
   publisher = {Zenodo},
   year = {2016},
   type = {Online Database}
}

@misc{Selden:Z4,
   author = {Selden Jr., R. Z.},
   title = {3{D} {M}odel of {ENMU} {LA}3324 6185, {Z}enodo, http://dx.doi.org/10.5281/zenodo.46911},
   publisher = {Zenodo},
   year = {2016},
   type = {Online Database}
}

@misc{Selden:Z5,
   author = {Selden Jr., R. Z.},
   title = {3{D} {M}odel of {ENMU} {LA}3324 6186, {Z}enodo, http://dx.doi.org/10.5281/zenodo.46914},
   publisher = {Zenodo},
   year = {2016},
   type = {Online Database}
}

@misc{Selden:Z6,
   author = {Selden Jr., R. Z.},
   title = {3{D} {M}odel of {ENMU} {LA}3324 24122, {Z}enodo, http://dx.doi.org/10.5281/zenodo.46918},
   publisher = {Zenodo},
   year = {2016},
   type = {Online Database}
}

@misc{Selden:Z7,
   author = {Selden Jr., R. Z.},
   title = {3{D} {M}odel of {ENMU} {LA}3324 24136, {Z}enodo, http://dx.doi.org/10.5281/zenodo.47131},
   publisher = {Zenodo},
   year = {2016},
   type = {Online Database}
}

@misc{Selden:Z8,
   author = {Selden Jr., R. Z.},
   title = {3{D} {M}odel of {ENMU} {LA}3324 24143, {Z}enodo, http://dx.doi.org/10.5281/zenodo.46919},
   publisher = {Zenodo},
   year = {2016},
   type = {Online Database}
}

@misc{Selden:Z9,
   author = {Selden Jr., R. Z.},
   title = {3{D} {M}odel of {ENMU} {LA}3324 24152, {Z}enodo, http://dx.doi.org/10.5281/zenodo.46920},
   publisher = {Zenodo},
   year = {2016},
   type = {Online Database}
}

@misc{Selden:Z10,
   author = {Selden Jr., R. Z.},
   title = {3{D} {M}odel of {ENMU} {LA}3324 24156, {Z}enodo, http://dx.doi.org/10.5281/zenodo.47116},
   publisher = {Zenodo},
   year = {2016},
   type = {Online Database}
}

@misc{Selden:Z11,
   author = {Selden Jr., R. Z.},
   title = {3{D} {M}odel of {ENMU} {LA}3324 24157, {Z}enodo, http://dx.doi.org/10.5281/zenodo.47118},
   publisher = {Zenodo},
   year = {2016},
   type = {Online Database}
}

@misc{Selden:Z12,
   author = {Selden Jr., R. Z.},
   title = {3{D} {M}odel of {ENMU} {LA}3324 24158, {Z}enodo, http://dx.doi.org/10.5281/zenodo.47120},
   publisher = {Zenodo},
   year = {2016},
   type = {Online Database}
}

@misc{Selden:Z13,
   author = {Selden Jr., R. Z.},
   title = {3{D} {M}odel of {ENMU} {LA}3324 24161, {Z}enodo, http://dx.doi.org/10.5281/zenodo.47121},
   publisher = {Zenodo},
   year = {2016},
   type = {Online Database}
}

@misc{Selden:Z14,
   author = {Selden Jr., R. Z.},
   title = {3{D} {M}odel of {ENMU} {LA}3324 25313, {Z}enodo, http://dx.doi.org/10.5281/zenodo.47122},
   publisher = {Zenodo},
   year = {2016},
   type = {Online Database}
}

@misc{Selden:Z15,
   author = {Selden Jr., R. Z.},
   title = {3{D} {M}odel of {ENMU} {LA}3324 25314, {Z}enodo, http://dx.doi.org/10.5281/zenodo.47124},
   publisher = {Zenodo},
   year = {2016},
   type = {Online Database}
}

@misc{Selden:Z16,
   author = {Selden Jr., R. Z.},
   title = {3{D} {M}odel of {ENMU} {LA}3324 25316, {Z}enodo, http://dx.doi.org/10.5281/zenodo.47125},
   publisher = {Zenodo},
   year = {2016},
   type = {Online Database}
}

@misc{Selden:Z17,
   author = {Selden Jr., R. Z.},
   title = {3{D} {M}odel of {ENMU} {LA}3324 25317, {Z}enodo, http://dx.doi.org/10.5281/zenodo.47126},
   publisher = {Zenodo},
   year = {2016},
   type = {Online Database}
}

@misc{Selden:Z18,
   author = {Selden Jr., R. Z.},
   title = {3{D} {M}odel of {ENMU} {LA}3324 25330, {Z}enodo, http://dx.doi.org/10.5281/zenodo.47127},
   publisher = {Zenodo},
   year = {2016},
   type = {Online Database}
}

@misc{Selden:Z19,
   author = {Selden Jr., R. Z.},
   title = {3{D} {M}odel of {ENMU} {LA}3324 32095, {Z}enodo, http://dx.doi.org/10.5281/zenodo.47128},
   publisher = {Zenodo},
   year = {2016},
   type = {Online Database}
}

@misc{Selden:Z20,
   author = {Selden Jr., R. Z.},
   title = {{Gault 41BL323 LotNH1323-1, Zenodo, https://doi.org/10.5281/zenodo.163948}},
   publisher = {Zenodo},
   year = {2016},
   type = {Online Database}
}

@misc{Selden:Z21,
   author = {Selden Jr., R. Z.},
   title = {{Gault 41BL323 Lot2621-1, Zenodo, https://doi.org/10.5281/zenodo.163947}},
   publisher = {Zenodo},
   year = {2016},
   type = {Online Database}
}

@misc{Selden:Z22,
   author = {Selden Jr., R. Z.},
   title = {{Gault 41BL323 Lot2624-1, Zenodo, https://doi.org/10.5281/zenodo.163946}},
   publisher = {Zenodo},
   year = {2016},
   type = {Online Database}
}

@misc{Selden:Z23,
   author = {Selden Jr., R. Z.},
   title = {{Gault 41BL323 Lot191-174, Zenodo, https://doi.org/10.5281/zenodo.163945}},
   publisher = {Zenodo},
   year = {2016},
   type = {Online Database}
}

@misc{Selden:Z24,
   author = {Selden Jr., R. Z.},
   title = {{Gault 41BL323 Lot2643-15, Zenodo, https://doi.org/10.5281/zenodo.163944}},
   publisher = {Zenodo},
   year = {2016},
   type = {Online Database}
}

@misc{Selden:Z25,
   author = {Selden Jr., R. Z.},
   title = {{Gault 41BL323 Lot36-42, Zenodo, https://doi.org/10.5281/zenodo.163942}},
   publisher = {Zenodo},
   year = {2016},
   type = {Online Database}
}

@misc{Selden:Z26,
   author = {Selden Jr., R. Z.},
   title = {{Gault 41BL323 Lot1040-113, Zenodo, https://doi.org/10.5281/zenodo.61413}},
   publisher = {Zenodo},
   year = {2016},
   type = {Online Database}
}

@misc{Selden:Z27,
   author = {Selden Jr., R. Z.},
   title = {{Gault 41BL323 Lot1040-113 3D Puzzle, Zenodo, https://doi.org/10.5281/zenodo.163973}},
   publisher = {Zenodo},
   year = {2016},
   type = {Online Database}
}

@article{RN4612,
   author = {Haynes, Jr., C. V.},
   title = {Geochronology of {P}aleoenvironmental {C}hange, {C}lovis {T}ype {S}ite, {B}lackwater {D}raw, {N}ew {M}exico},
   journal = {Geoarchaeology},
   volume = {10},
   number = {5},
   pages = {317-388},
   year = {1995},
   type = {Journal Article}
}

@article{Collins2002,
author = {Collins, M. B.},
journal = {Athena Review},
number = {2},
pages = {31--42},
title = {{The Gault Site, Texas, and Clovis Research}},
volume = {3},
year = {2002}
}
@book{Bradley2010,
address = {Ann Arbor, Michigan},
author = {Bradley, B. A. and Collins, M. B. and Hemmings, C. A.},
publisher = {International Monographs in Prehistory, Archaeological Series 17},
title = {{Clovis Technology}},
year = {2010}
}
@article{Speer2014,
author = {Speer, C. A.},
doi = {10.1016/j.jas.2014.08.014},
file = {:C$\backslash$:/Users/Gault1/AppData/Local/Mendeley Ltd./Mendeley Desktop/Downloaded/Speer - 2014 - LA-ICP-MS Analysis of Clovis Period Projectile Points from the Gault Site.pdf:pdf},
issn = {03054403},
journal = {Journal of Archaeological Science},
month = {aug},
pages = {1--11},
publisher = {Elsevier Ltd},
title = {{LA-ICP-MS Analysis of Clovis Period Projectile Points from the Gault Site}},
url = {http://linkinghub.elsevier.com/retrieve/pii/S030544031400301X},
volume = {52},
year = {2014}
}
@incollection{Collins2007,
address = {Lincoln},
author = {Collins, M. B.},
booktitle = {Foragers of the Terminal Pleistocence in North America},
editor = {Walker, R. B. and Driskell, B. N.},
pages = {59--87},
publisher = {University of Nebraska Press},
title = {{Discerning Clovis Subsistence from Stone Artifacts and Site Distributions on the Southern Plains Periphery}},
year = {2007}
}
@article{Rodrigues2016,
abstract = {The Gault Site, Texas, U.S.A., affords a near-complete regional prehistoric sequence from an {\~{}}2m-thick alluvial sedimentary interval. Age estimates on Clovis, Late Paleoindian, and Archaic components were obtained using optically stimulated luminescence (OSL) dating of silt-sized quartz grains. The luminescence characteristics of the quartz are favorable, showing normal equivalent dose distributions and no evidence of incomplete zeroing. The artifacts span Clovis to Archaic forms, and their ages are generally in excellent agreement with independent radiocarbon ages from five other Texas sites. The mean OSL age of the Clovis deposits of 12,900±700a agrees with the known Clovis ages from Central Texas and a generalized model that places the Clovis occupation of Central Texas between {\~{}}13,600 to 13,000cal BP (Holliday, 2000). This study indicates that accurate age determinations can be made using OSL on silt-sized quartz grains at Gault.},
author = {Rodrigues, K. and Rink, W. J. and Collins, M. B., and Williams, T. J. J. and Keen-Zebert, A. and Lopez, G. I. and Lopez, G. I. and Rodrigues, K.},
doi = {10.1016/j.jasrep.2016.03.014},
file = {:C$\backslash$:/Users/Gault1/Desktop/PhD Articles/Rodrigues{\_}etal{\_}2016.pdf:pdf},
issn = {2352409X},
journal = {Journal of Archaeological Science: Reports},
keywords = {Archaic,Clovis,Optically stimulated luminescence dating,Paleoindian,Quartz},
pages = {94--103},
title = {{OSL ages of the Clovis, Late Paleoindian, and Archaic components at Area 15 of the Gault Site, Central Texas, U.S.A.}},
url = {http://www.sciencedirect.com/science/article/pii/S2352409X16300827},
volume = {7},
year = {2016}
}

@book{Waters2011,
address = {College Station, Texas},
author = {Waters, M. R. and Pevny, C. D. and Carlson, D. L.},
publisher = {Texas A{\&}M University Press},
title = {{Clovis Lithic Technology: Investigation of a Stratified Workshop at the Gault Site, Texas}},
year = {2011}
}

@book{Meltzer2009,
address = {Berkeley, CA},
author = {Meltzer, D. J.},
publisher = {University of California Press},
title = {{First Peoples in a New World}},
year = {2009}
}

@article{Holliday2000,
author = {Holliday, V. T.},
doi = {10.1002/(SICI)1520-6548(200003)15:3<227::AID-GEA2>3.3.CO;2-1},
file = {:C$\backslash$:/Users/Gault1/AppData/Local/Mendeley Ltd./Mendeley Desktop/Downloaded/Holliday - 2000 - The evolution of Paleoindian geochronology and typology on the Great Plains.pdf:pdf},
issn = {08836353},
journal = {Geoarchaeology},
number = {3},
pages = {227},
title = {{The evolution of Paleoindian geochronology and typology on the Great Plains}},
url = {http://doi.wiley.com/10.1002/(SICI)1520-6548(200003)15:3{\textless}227::AID-GEA2{\textgreater}3.3.CO;2-1},
volume = {15},
year = {2000}
}

@article{Waters2007,
abstract = {The Clovis complex is considered to be the oldest unequivocal evidence of humans in the Americas, dating between 11,500 and 10,900 radiocarbon years before the present (14C yr B.P.). Adjusted 14C dates and a reevaluation of the existing Clovis date record revise the Clovis time range to 11,050 to 10,800 14C yr B.P. In as few as 200 calendar years, Clovis technology originated and spread throughout North America. The revised age range for Clovis overlaps non-Clovis sites in North and South America. This and other evidence imply that humans already lived in the Americas before Clovis.},
author = {Waters, M. R. and Stafford, T. W.},
doi = {10.1126/science.1137166},
file = {:C$\backslash$:/Users/Gault1/AppData/Local/Mendeley Ltd./Mendeley Desktop/Downloaded/Waters, Stafford - 2007 - Redefining the age of Clovis implications for the peopling of the Americas(2).pdf:pdf},
issn = {1095-9203},
journal = {Science (New York, N.Y.)},
keywords = {Ancient,Archaeology,Culture,Emigration and Immigration,History,Humans,North America,Population Dynamics,South America,Time},
month = {Feb},
number = {5815},
pages = {1122--6},
pmid = {17322060},
title = {{Redefining the age of Clovis: implications for the peopling of the Americas.}},
url = {http://www.ncbi.nlm.nih.gov/pubmed/17322060},
volume = {315},
year = {2007}
}

@article{Collins2010,
author = {Collins, M. J. and Buckley, M. and Thomas-Oates, J. and Wilson, J. and Doorn, N. V.},
file = {:C$\backslash$:/Users/Gault1/Desktop/PhD Articles/ZooMS{\_}the{\_}collagen{\_}barcode{\_}and{\_}fingerpri.pdf:pdf},
issn = {09660941},
journal = {Spectroscopy Europe},
number = {2},
title = {{ZooMS, The Collagen Barcode and Fingerprints}},
url = {http://eprints.whiterose.ac.uk/46294/},
volume = {22},
year = {2010}
}

@article{Lycett2015,
author = {Lycett, S. J.},
journal = {Journal of Archaeological Science},
pages = {21--31},
title = {Cultural Evolutionary Approaches to Artifact Variation Over Time and Space: Basis, Progress, and Prospects},
volume = {56},
year = {2015}
}

@misc{Velchoff2015,
author = {Velchoff Littlefield, N.},
school = {Department of Archaeology, University of Exeter, UK},
title = {\textit{Exploring the Interpretive Potential of Clovis Waste Flakes}},
howpublished = {M.Ph Dissertation, Department of Archaeology, University of Exeter, UK},
year = {2015}
}

@article{Williams2016,
author = {Williams, T. J.},
issn = {0197-7261},
journal = {Lithic Technology},
mendeley-groups = {3D paper},
number = {April},
pages = {1-15},
title = {The Morphology and Technology of Clovis Flat-Backed Cores from the Gault Site (41BL323), Texas},
volume = {7261},
year = {2016}
}

@article{Lemke2015,
author = {Lemke, A. K. and Wernecke, D. C. and Collins, M. B.},
journal = {American Antiquity},
number = {4},
pages = {113--133},
title = {{Early Art in North America: Clovis and Later Paleoindian Incised Artifacts from the Gault Site, Texas (41BL323)}},
volume = {79},
year = {2015}
}

@misc{KeenanEarly2016,
author = {Keenan Early, E.},
title = {Improving Species Identification in Texas: The Case for ZooMS in North America},
howpublished = {\textit{Paper presented to the $87^{th}$ Texas Archeological Society, Nagadoches, TX, October 28, 2016}},
year = {2016}
}

@article{Buckley2008,
author = {Buckley, M. and Collins, M. and Thomas-Oates, J.},
doi = {10.1016/j.ab.2007.12.002},
file = {:C$\backslash$:/Users/Gault1/Desktop/PhD Articles/Buckley et al 2008 - A method for isolating collagen(I) alpha-chain carboxytelopeptide for species ID in bone frags.pdf:pdf},
issn = {00032697},
journal = {Analytical Biochemistry},
keywords = {Archaeology,Bacterial collagenase,Collagen,Gelatin,Mass spectrometry,Meat and bone meal,Species variability,Telopeptide},
number = {2},
pages = {325--334},
pmid = {18164255},
title = {A method of isolating the collagen (I) $\alpha$2 chain carboxytelopeptide for species identification in bone fragments},
volume = {374},
year = {2008}
}

@article{Means2013,
author = {Means, B. K. and McCuistion, A. and Bowles, C.},
journal = {Technical Briefs in Historical Archaeology},
pages = {1--12},
title = {{Virtual Artifact Curation of the Historical Past and the NextEngine Desktop 3D Scanner}},
volume = {7},
year = {2013}
}

@book{RN5750,
   author = {Messler, R. W.},
   title = {Reverse Engineering: Mechanisms, Structures, Systems and Materials},
   publisher = {McGraw-Hill Education},
   address = {New York},
   year = {2014},
   type = {Book}
}

@article{RN5751,
   author = {Moshenska, G.},
   title = {{Reverse Engineering and the Archaeology of the Modern World}},
   journal = {Forum Dritische Archäologie},
   volume = {5},
   pages = {16-28},
   ISSN = {2194-346X},
   DOI = {10.6105/journal.fka.2016.5.2},
   year = {2016},
   type = {Journal Article}
}

@article{RN5752,
   author = {Bouzakis, K. D. and Pantermalis, D. and Efstathiou, K. and Varitis, E. and Paradisiadis, G. and Mavroudis, I.},
   title = {{An Investigation of Ceramic Forming Method Using Reverse Engineering Techniques: The Case of Oinochoai from Dion, Macedonia, Greece}},
   journal = {Journal of Archaeological Method and Theory},
   volume = {18},
   number = {2},
   pages = {111-124},
   ISSN = {1072-5369
1573-7764},
   DOI = {10.1007/s10816-010-9081-0},
   year = {2010},
   type = {Journal Article}
}

@article{RN5753,
   author = {Gandon, E. and Casanova, R. and Sainton, P. and Coyle, T. and Roux, V. and Bril, B. and Bootsma, R. J.},
   title = {{A Proxy of Potters’ Throwing Skill: Ceramic Vessels Considered in Terms of Mechanical Stress}},
   journal = {Journal of Archaeological Science},
   volume = {38},
   number = {5},
   pages = {1080-1089},
   ISSN = {03054403},
   DOI = {10.1016/j.jas.2010.12.003},
   year = {2011},
   type = {Journal Article}
}

@article{RN327,
   author = {Kilikoglou, Vassilis and Vekinis, George},
   title = {{Failure Prediction and Function Determination of Archaeological Pottery by Finite Element Analysis}},
   journal = {Journal of Archaeological Science},
   volume = {29},
   number = {11},
   pages = {1317-1325},
   ISSN = {03054403},
   DOI = {10.1006/jasc.2001.0775},
   year = {2002},
   type = {Journal Article}
}

@article{RN325,
   author = {Foecke, Tim and Ma, Li and Russell, Matthew A. and Conlin, David L. and Murphy, Larry E.},
   title = {{Investigating Archaeological Site Formation Processes on the Battleship USS Arizona using Finite Element Analysis}},
   journal = {Journal of Archaeological Science},
   volume = {37},
   number = {5},
   pages = {1090-1101},
   ISSN = {03054403},
   DOI = {10.1016/j.jas.2009.12.009},
   year = {2010},
   type = {Journal Article}
}

@article{RN5754,
   author = {Castro-García, M. and Rojas-Sola, J. I. and de la Morena-de la Fuente, E.},
   title = {{Technical and Functional Analysis of Albolafia Waterwheel (Cordoba, Spain): 3D Modeling, Computational-Fluid Dynamics Simulation and Finite-Element Analysis}},
   journal = {Energy Conversion and Management},
   volume = {92},
   pages = {207-214},
   ISSN = {01968904},
   DOI = {10.1016/j.enconman.2014.12.047},
   year = {2015},
   type = {Journal Article}
}

@article{RN5755,
   author = {Levy, R. and Dawson, P.},
   title = {{Using Finite Element Methods to Analyze Ancient Architecture: An Example from the North American Arctic}},
   journal = {Journal of Archaeological Science},
   volume = {36},
   number = {10},
   pages = {2298-2307},
   ISSN = {03054403},
   DOI = {10.1016/j.jas.2009.06.014},
   year = {2009},
   type = {Journal Article}
}

@article{RN456,
   author = {Selden Jr., Robert Z.},
   title = {{Using Photogrammetry to Document, Analyze, and Reverse-Engineer Grave Markers}},
   journal = {Technical Briefs in Historical Archaeology},
   volume = {9},
   pages = {49-56},
   year = {2015},
   type = {Journal Article}
}

@article{RN5756,
   author = {Liu, K. and Ma, J.},
   title = {{3D-Scanning and Computer Reverse Engineering Technology to Preserve Inscriptions at Beihai Park}},
   journal = {International Journal of Simulation: Systems, Science and Technology},
   volume = {17},
   number = {26},
   pages = {38.1-38.37},
   DOI = { 10.5013/IJSSST.a.17.26.38},
   year = {2016},
   type = {Journal Article}
}

@article{RN5757,
   author = {Koumartzis, N. and Tzetzis, D. and Kyratsis, P. and Kotsakis, R. G.},
   title = {{A New Music Instrument from Ancient Times: Modern Reconstruction of the Greek Lyre of Hermes using 3D Laser Scanning, Advanced Computer Aided Design and Audio Analysis}},
   journal = {Journal of New Music Research},
   volume = {44},
   number = {4},
   pages = {324-346},
   ISSN = {0929-8215
1744-5027},
   DOI = {10.1080/09298215.2015.1106563},
   year = {2015},
   type = {Journal Article}
}

@article{RN5758,
   author = {Krivoš, E. and Pastirčák, R. and Lehocký, P.},
   title = {{Using of the Reverse Engineering Method for the Production of Prototype Molds by Patternless Process Technology}},
   journal = {Archives of Foundry Engineering},
   volume = {14},
   number = {2},
   ISSN = {2299-2944},
   DOI = {10.2478/afe-2014-0048},
   year = {2014},
   type = {Journal Article}
}

@article{RN5759,
   author = {Segreto, T. and Caggiano, A. and D'Addona, D. M.},
   title = {{Assessment of Laser-Based Reverse Engineering Systems for Tangible Cultural Heritage Conservation}},
   journal = {International Journal of Computer Integrated Manufacturing},
   volume = {26},
   number = {9},
   pages = {857-865},
   ISSN = {0951-192X
1362-3052},
   DOI = {10.1080/0951192x.2013.799781},
   year = {2013},
   type = {Journal Article}
}

@article{RN5760,
   author = {Boier-Martin, I. and Rushmeier, H.},
   title = {{Reverse Engineering Methods for Digital Restoration Applications}},
   journal = {Journal of Computing and Information Science in Engineering},
   volume = {6},
   number = {4},
   pages = {364},
   ISSN = {15309827},
   DOI = {10.1115/1.2356497},
   year = {2006},
   type = {Journal Article}
}

@book{RN5761,
   author = {Bruseth, J. E. and Borgens, A. A. and Jones, B. M. and Ray, E. D.},
   title = {La Belle: The Archaeology of a Seventeenth-Century Ship of New World Colonization},
   publisher = {Texas A\&M University Press},
   address = {College Station},
   ISBN = {978-1623493615},
   year = {2017},
   type = {Book}
}

@book{RN5762,
   author = {Bruseth, J. E. and Turner, T. S.},
   title = {From a Watery Grave: The Discovery and Excavation of La Salle’s Shipwreck, La Belle},
   publisher = {Texas A\&M University Press},
   address = {College Station},
   year = {2004},
   type = {Book}
}

@incollection{RN5763,
   author = {Keith, D. H.},
   title = {Artillery},
   booktitle = {{La Belle: The Archaeology of a Seventeenth-Century Ship of New World Colonization}},
   editor = {Bruseth, J. E. and Borgens, A. A. and Jones, B, M. and Ray, E. D.},
   publisher = {Texas A\&M University Press},
   address = {College Station},
   pages = {353-372},
   year = {2017},
   type = {Book Section}
}

@article{RN5764,
   author = {Keith, D. H. and Carlin, W. W. and de Bry, J.},
   title = {{A Bronze Cannon from La Belle, 1686: Its Construction, Conservation, and Display}},
   journal = {The International Journal of Nautical Archaeology and Underwater Exploration},
   volume = {13},
   number = {1},
   pages = {45-63},
   year = {1997},
   type = {Journal Article}
}

@article{RN5765,
   author = {Arnold, J. B.},
   title = {{The Texas Historical Commission’s Underwater Archaeological Survey of 1995 and the Preliminary Report on the Belle, La Salle’s Shipwreck of 1686}},
   journal = {Historical Archaeology},
   volume = {30},
   number = {4},
   pages = {66-87},
   year = {1996},
   type = {Journal Article}
}

@article{RN5766,
   author = {Arnold, J. B.},
   title = {{Magnetometer Survey of La Salle’s Ship the Belle}},
   journal = {International Journal of Nautical Archaeology},
   volume = {24},
   number = {3,4},
   pages = {243-249},
   year = {1996},
   type = {Journal Article}
}

@incollection{RN5767,
   author = {Bruseth, J. E.},
   title = {{Background}},
   booktitle = {La Belle: The Archaeology of a Seventeenth-Century Ship of New World Colonization},
   editor = {Bruseth, J. E. and Borgens, A. A. and Jones, B. M. and Ray, E. D.},
   publisher = {Texas A\&M University Press},
   address = {College Station},
   pages = {3-25},
   year = {2017},
   type = {Book Section}
}

@article{RN5881z,
   author = {Iannone, R.},
   title = {DiagrammeR v0.8.4},
   journal = {GitHub},
   volume = {http://rich-iannone.github.io/DiagrammeR/},
   year = {2017},
   type = {Journal Article}
}

@article{RN5769,
   author = {Neamtu, C. and Popescu, S. and Popescu, D. and Mateescu, R.},
   title = {{Using Reverse Engineering in Archaeology: Ceramic Pottery Reconstruction}},
   journal = {Journal of Automation, Mobile Robotics \& Intelligent Systems},
   volume = {6},
   number = {2},
   pages = {55-59},
   year = {2011},
   type = {Journal Article}
}

@article{RN5770,
   author = {Pierce, C.},
   title = {{Reverse Engineering the Ceramic Cooking Pot: Cost and Performance Properties of Plain and Textured Vessels}},
   journal = {Journal of Archaeological Method and Theory},
   volume = {12},
   number = {2},
   pages = {117-157},
   ISSN = {1072-5369
1573-7764},
   DOI = {10.1007/s10816-005-5665-5},
   year = {2005},
   type = {Journal Article}
}

@article{RN5771,
   author = {Baik, A.},
   title = {{From Point Cloud to Jeddah Heritage BIM Nasif Historical House - Case Study}},
   journal = {Digital Applications in Archaeology and Cultural Heritage},
   volume = {4},
   pages = {1-18},
   ISSN = {22120548},
   DOI = {10.1016/j.daach.2017.02.001},
   year = {2017},
   type = {Journal Article}
}

@article{RN5772,
   author = {Zvietcovich, F. and Castaneda, B. and Perucchio, R.},
   title = {{3D Solid Model Updating of Complex Ancient Monumental Structures based on Local Geometrical Meshes}},
   journal = {Digital Applications in Archaeology and Cultural Heritage},
   volume = {2},
   number = {1},
   pages = {12-27},
   ISSN = {22120548},
   DOI = {10.1016/j.daach.2015.02.001},
   year = {2015},
   type = {Journal Article}
}

@incollection{RN5872,
   author = {Denard, H.},
   title = {{A New Introduction to The London Charter}},
   booktitle = {Paradata and Transparency in Virtual Heritage},
   editor = {Bentkowska-Kafel, A. and Denard, H. and Baker, D.},
   publisher = {Routledge},
   address = {New York},
   pages = {57-72},
   year = {2012},
   type = {Book Section}
}

@report{RN5873,
   author = {{Forum Internacional de Arqueologia Virtual}},
   title = {{Principles of Seville: International Principles of Virtual Archaeology, http://smartheritage.com/seville-principles/seville-principles, accessed May 1, 2017}},
   year = {2011}
}

@book{RN5874,
   author = {Henzold, G.},
   title = {Geometrical Dimensioning and Tolerancing for Design, Manufacturing and Inspection: A Handbook for Geometrical Product Specification using ISO and ASME Standards},
   publisher = {Elsevier},
   address = {Oxford},
   edition = {Second},
   ISBN = {978-0-7506-6738-8},
   year = {2006},
   type = {Book}
}

@book{RN5875,
   author = {ASME},
   title = {ASME Y14.5-2009},
   publisher = {The American Society of Mechanical Engineers},
   address = {New York},
   ISBN = {9780791831922},
   year = {2009},
   type = {Book}
}

@article{RN5876,
   author = {Srinivasan, V.},
   title = {{Standardizing the Specification, Verification, and Exchange of Product Geometry: Research, Status and Trends}},
   journal = {Computer-Aided Design},
   volume = {40},
   number = {7},
   pages = {738-749},
   ISSN = {00104485},
   DOI = {10.1016/j.cad.2007.06.006},
   year = {2008},
   type = {Journal Article}
}

@article{RN5877,
   author = {Babu, T. S. and Thumbanga, R. D.},
   title = {{Reverse Engineering, CAD-CAM \& Pattern-less Process Applications in Casting: A Case Study}},
   journal = {International Journal of Mechanics},
   volume = {5},
   number = {1},
   pages = {40-47},
   year = {2011},
   type = {Journal Article}
}

@article{RN5878,
   author = {Rodríguez, A. and López de Lacalle, L. N. and Calleja, A. and Fernández, A. and Lamikiz, A.},
   title = {{Maximal Reduction of Steps for Iron Casting One-of-a-Kind Parts}},
   journal = {Journal of Cleaner Production},
   volume = {24},
   pages = {48-55},
   ISSN = {09596526},
   DOI = {10.1016/j.jclepro.2011.11.054},
   year = {2012},
   type = {Journal Article}
}

@article{RN11732,
   author = {Selden Jr., Robert Z. and Means, Bernard K. and Mosier, Kreg and Iglesias, Edward G.},
   title = {Morphological Variation in Three-Dimensional Printed Replicas},
   journal = {CRHR Research Reporta},
   volume = {4},
   pages = {Article 3},
   url = {https://scholarworks.sfasu.edu/crhr_research_reports/vol4/iss1/3/},
   year = {2018},
   type = {Journal Article}
}
